<record><leader>00000cas a2200000 a 4500</leader><controlfield tag="001">32586362</controlfield><controlfield tag="007">hd bfu---baat</controlfield><controlfield tag="007">hd afu---bact</controlfield><controlfield tag="008">950602d18851963nbuwr nea     0    0eng c</controlfield><datafield ind1=" " ind2=" " tag="010"><subfield code="a">sn 95069759 </subfield></datafield><datafield ind1=" " ind2=" " tag="040"><subfield code="a">NVG</subfield><subfield code="b">eng</subfield><subfield code="c">NVG</subfield><subfield code="d">OCLCQ</subfield><subfield code="d">OCLCF</subfield><subfield code="d">OCLCO</subfield><subfield code="d">OCLCQ</subfield></datafield><datafield ind1=" " ind2=" " tag="042"><subfield code="a">pcc</subfield></datafield><datafield ind1=" " ind2=" " tag="043"><subfield code="a">n-us-nb</subfield></datafield><datafield ind1="0" ind2="0" tag="245"><subfield code="a">Neligh leader.</subfield></datafield><datafield ind1=" " ind2=" " tag="260"><subfield code="a">Neligh, Neb. :</subfield><subfield code="b">E.T. &amp; C.J. Best,</subfield><subfield code="c">1885-1963.</subfield></datafield><datafield ind1=" " ind2=" " tag="300"><subfield code="a">79 volumes</subfield></datafield><datafield ind1=" " ind2=" " tag="310"><subfield code="a">Weekly,</subfield><subfield code="b">Jan. 7, 1915-May 29, 1963</subfield></datafield><datafield ind1=" " ind2=" " tag="321"><subfield code="a">Weekly,</subfield><subfield code="b">June 12, 1885-Sept. 3, 1915</subfield></datafield><datafield ind1=" " ind2=" " tag="321"><subfield code="a">Semiweekly,</subfield><subfield code="b">Sept. 7-Dec. 31, 1915</subfield></datafield><datafield ind1=" " ind2=" " tag="336"><subfield code="a">text</subfield><subfield code="b">txt</subfield><subfield code="2">rdacontent</subfield></datafield><datafield ind1=" " ind2=" " tag="337"><subfield code="a">microform</subfield><subfield code="b">h</subfield><subfield code="2">rdamedia</subfield></datafield><datafield ind1=" " ind2=" " tag="338"><subfield code="a">microfilm reel</subfield><subfield code="b">hd</subfield><subfield code="2">rdacarrier</subfield></datafield><datafield ind1="0" ind2=" " tag="362"><subfield code="a">Vol. 1, no. 1 (June 12, 1885)-79th year, no. 3 (May 29, 1963).</subfield></datafield><datafield ind1=" " ind2=" " tag="580"><subfield code="a">Daily ed. during carnival week, &lt;1902&gt; and &lt;1903&gt;.</subfield></datafield><datafield ind1=" " ind2=" " tag="580"><subfield code="a">Merged with: Neligh news, to form: Neligh news and leader.</subfield></datafield><datafield ind1=" " ind2=" " tag="533"><subfield code="a">Microfilm.</subfield><subfield code="m">1885-1963:[Gaps]</subfield><subfield code="b">Lincoln, Neb. :</subfield><subfield code="c">Nebraska State Historical Society,</subfield><subfield code="d">1958.</subfield><subfield code="e">36 microfilm reels ; 35 mm.</subfield></datafield><datafield ind1=" " ind2="0" tag="651"><subfield code="a">Antelope County (Neb.)</subfield><subfield code="v">Newspapers.</subfield></datafield><datafield ind1=" " ind2="7" tag="651"><subfield code="a">Nebraska</subfield><subfield code="z">Antelope County.</subfield><subfield code="2">fast</subfield><subfield code="0">(OCoLC)fst01212938</subfield></datafield><datafield ind1=" " ind2="7" tag="655"><subfield code="a">Newspapers.</subfield><subfield code="2">fast</subfield><subfield code="0">(OCoLC)fst01423814</subfield></datafield><datafield ind1=" " ind2=" " tag="752"><subfield code="a">United States</subfield><subfield code="b">Nebraska</subfield><subfield code="c">Antelope</subfield><subfield code="d">Neligh.</subfield></datafield><datafield ind1="1" ind2=" " tag="775"><subfield code="t">Daily Neligh leader</subfield><subfield code="w">(DLC)sn 95069760</subfield></datafield><datafield ind1="0" ind2="5" tag="780"><subfield code="t">Oakdale sentinel</subfield><subfield code="w">(DLC)sn 95069761</subfield></datafield><datafield ind1="1" ind2="7" tag="785"><subfield code="t">Neligh news</subfield><subfield code="w">(DLC)sn 95069763</subfield></datafield><datafield ind1="1" ind2="7" tag="785"><subfield code="t">Neligh news and leader</subfield><subfield code="w">(DLC)sn 95069762</subfield></datafield><datafield ind1="1" ind2=" " tag="029"><subfield code="a">AU@</subfield><subfield code="b">000011738062</subfield></datafield></record>